@Manual{manual-1999,
	TITLE = "How to Organize your Thesis",
	author = "J. W. Chinneck",
	organization = "Dept. of Systems and Computer Engineering, Carleton University Ottawa",
	address = "Canada",
	month = "September",
	year = "1999",
	note = "Available at \url{http://www.sce.carleton.ca/faculty/chinneck/thesis.html}"
}

@MastersThesis{MT-2003,
	title = "{Signalverarbeitung mittels eines Neuronalen Netzwerkes f{\"u}r einen Smart Sensor}",
	author = "H. Kraut",
	school = "Technische Universit{\"a}t Wien, Institut f{\"u}r Technische Informatik",
	year = "2003",
	type = "Bachelor's Thesis"
}

@InProceedings{inproc-2005,
	AUTHOR = "W. Elmenreich and S. Pitzek",
	TITLE = "Smart Transducers -- Principles, Communications, and Configuration",
	BOOKTITLE = "Intelligent Systems at the Service of Mankind",
	YEAR = "2005",
	editor = "Elmenreich and Machado and Rudas",
	volume = "II",
	pages = "175--186",
	month = dec,
	publisher = "Ubooks"
}

@PhDThesis{phdthesis-2002,
	author = "W. Elmenreich",
	title = "Sensor Fusion in Time-Triggered Systems",
	address = "Vienna, Austria",
	school = "Technische Universit{\"a}t Wien, Institut f{\"u}r Technische Informatik",
	year = "2002"
}

@Misc{wikipedia:wcet,
	title = "Worst-Case Execution Time",
	author = "Wikipedia",
	howpublished = "Online encyclopedia: \url{http://en.wikipedia.org/wiki/Worst_case_execution_time}",
	year = "2005",
	note = "revision 7:18, October 18th"
}

